@inproceedings{benoist2008programmation,
	title={La programmation par contraintes {\`a} l'attaque d'Eternity II},
	author={Benoist, Thierry and Bourreau, Eric},
	booktitle={JFPC 2008-Quatri{\`e}mes Journ{\'e}es Francophones de Programmation par Contraintes},
	pages={105--114},
	year={2008}
}

@article{cuvillierresolution,
	title={R{\'e}solution du jeu Eternity 2 avec les technologies SAT},
	author={CUVILLIER, Joffrey and SZYMKOWIAK, R{\'e}mi}
}

@article{heule2009solving,
	title={Solving edge-matching problems with satisfiability solvers},
	author={Heule, Marijn JH},
	journal={SAT},
	pages={69--82},
	year={2009},
	publisher={Citeseer}
}

@article{patey2010eternity,
	title={Eternity II et variantes},
	author={Patey, Ludovic and Gravier, Sylvain},
	year={2010}
}

@article{benoistgeneration,
	title={G{\'e}n{\'e}ration automatique de voisinages de grande taille pour la recherche locale autonome},
	author={Benoist, Thierry and Estellon, Bertrand and Gardi, Fr{\'e}d{\'e}ric and Megel, Romain and Nouioua, Karim}
}

@article{murray1993probability,
  title={Probability of a tossed coin landing on edge},
  author={Murray, Daniel B and Teare, Scott W},
  journal={Physical Review E},
  volume={48},
  number={4},
  pages={2547},
  year={1993},
  publisher={APS}
}

@online{resolutioneternity,
	author = {Mark Wainwright},
	ALTeditor = {editor},
	title = {Prize specimens},
	date = {2001-01-01},
	url = {https://plus.maths.org/content/os/issue13/features/eternity/index},
}

@online{eternity2maker,
	editor = {Sunday Star Times},
	title = {The maker of Eternity II},
	date = {2007-07-27},
	url = {http://www.stuff.co.nz/sunday-star-times/features/feature-archive/older-features/51606/The-maker-of-Eternity-II},
}

 @online{ wiki:lzma,
 	author = "Wikipedia",
 	title = "Lempel–Ziv–Markov chain algorithm --- {W}ikipedia",
 	year = "2016",
 	url = {https://en.wikipedia.org/wiki/Lempel–Ziv–Markov_chain_algorithm}
 }
 
 @online{ wiki:np_complet,
 	author = "Wikipedia",
 	title = "Problème NP-complet --- {W}ikipedia",
 	year = "2016",
 	url = {https://fr.wikipedia.org/wiki/Probl\`{e}me_NP-complet}
 }
 
  @online{ wiki:kissprinciple,
  	author = "Wikipedia",
  	title = "KISS Principle --- {W}ikipedia",
  	year = "2016",
  	url = {https://en.wikipedia.org/wiki/KISS_principle}
  }

@article{knuth2000dancing,
	title={Dancing links},
	author={Knuth, Donald E},
	journal={arXiv preprint cs/0011047},
	year={2000}
}

@online{gitlab:eternity,
	title = {Dépot des ressources EternityII --- [Privé] Gitlab},
	url = {https://gitlab.info-ufr.univ-montp2.fr/groups/EternityII},
	organisation = {EternityII},
	author = {Fati CHEN},
	journal = {Gitlab group},
	publisher = {UMontpellier}
}

@online{gitlab:eternity_bruteforce,
	title = {Dépot des ressources EternityII --- [Privé] Gitlab},
	url = {https://gitlab.info-ufr.univ-montp2.fr/EternityII/EternityII/tree/v0.2.2-bruteforce},
	organisation = {EternityII},
	author = {Fati CHEN},
	journal = {Gitlab group},
	publisher = {UMontpellier},
	version = {0.2.2-bruteforce}
}

@manual{choco,
	author        = {Charles Prud'homme and Jean-Guillaume Fages and Xavier Lorca},
	title         = {Choco Documentation},
	year          = {2015},
	organization  = {TASC, INRIA Rennes, LINA CNRS UMR 6241, COSLING S.A.S.},
	timestamp     = {Thu, 11 May 2015},
	url           = {http://www.choco-solver.org },
}

@manual{git,
	author        = {Git},
	title         = {Git Documentation},
	url           = {https://git-scm.com/},
}


@manual{markdown,
	author        = {Github},
	title         = {Mardown Documentation},
	url           = {https://guides.github.com/features/mastering-markdown/},
}